%% This BibTeX bibliography file was created using BibDesk.
%% http://bibdesk.sourceforge.net/


%% Created for Felix Fellhauer at 2015-09-18 11:30:08 +0200 


%% Saved with string encoding Unicode (UTF-8) 



@article{Kuo:1981,
	Author = {Kuo, Franklin F.},
	Date-Added = {2015-09-11 14:27:21 +0000},
	Date-Modified = {2015-09-11 14:27:21 +0000},
	Journal = {Journal of Research of the National Bureau of Standards},
	Month = {November - December},
	Number = {6},
	Title = {{Computer Networks - The ALOHA System}},
	Volume = {86},
	Year = {1981},
	Bdsk-File-1 = {YnBsaXN0MDDUAQIDBAUGJCVYJHZlcnNpb25YJG9iamVjdHNZJGFyY2hpdmVyVCR0b3ASAAGGoKgHCBMUFRYaIVUkbnVsbNMJCgsMDxJXTlMua2V5c1pOUy5vYmplY3RzViRjbGFzc6INDoACgAOiEBGABIAFgAdccmVsYXRpdmVQYXRoWWFsaWFzRGF0YV8QTC4uLy4uL3BoZF9saXRlcmF0dXJlL3BoZF9saXRlcmF0dXJlL0NvbXB1dGVyIE5ldHdvcmtzIC0gVGhlIEFMT0hBIFN5c3RlbS5wZGbSFwsYGVdOUy5kYXRhTxECLAAAAAACLAACAAAMTWFjaW50b3NoIEhEAAAAAAAAAAAAAAAAAAAAyuwKYEgrAAABt8/1H0NvbXB1dGVyIE5ldHdvcmtzIC0jMUI4QkU2MC5wZGYAAAAAAAAAAAAAAAAAAAAAAAAAAAAAAAAAAAAAAAAAAAG4vmDSGLB3AAAAAAAAAAAAAgADAAAJIAAAAAAAAAAAAAAAAAAAAA5waGRfbGl0ZXJhdHVyZQAQAAgAAMrr/FAAAAARAAgAANIYlFcAAAABABQBt8/1AbfP7QEA5OQABR7nAADAQwACAGhNYWNpbnRvc2ggSEQ6VXNlcnM6AGZlbGl4ZmVsbGhhdWVyOgBnaXQ6AHBoZF9saXRlcmF0dXJlOgBwaGRfbGl0ZXJhdHVyZToAQ29tcHV0ZXIgTmV0d29ya3MgLSMxQjhCRTYwLnBkZgAOAFIAKABDAG8AbQBwAHUAdABlAHIAIABOAGUAdAB3AG8AcgBrAHMAIAAtACAAVABoAGUAIABBAEwATwBIAEEAIABTAHkAcwB0AGUAbQAuAHAAZABmAA8AGgAMAE0AYQBjAGkAbgB0AG8AcwBoACAASABEABIAX1VzZXJzL2ZlbGl4ZmVsbGhhdWVyL2dpdC9waGRfbGl0ZXJhdHVyZS9waGRfbGl0ZXJhdHVyZS9Db21wdXRlciBOZXR3b3JrcyAtIFRoZSBBTE9IQSBTeXN0ZW0ucGRmAAATAAEvAAAVAAIAFf//AACABtIbHB0eWiRjbGFzc25hbWVYJGNsYXNzZXNdTlNNdXRhYmxlRGF0YaMdHyBWTlNEYXRhWE5TT2JqZWN00hscIiNcTlNEaWN0aW9uYXJ5oiIgXxAPTlNLZXllZEFyY2hpdmVy0SYnVHJvb3SAAQAIABEAGgAjAC0AMgA3AEAARgBNAFUAYABnAGoAbABuAHEAcwB1AHcAhACOAN0A4gDqAxoDHAMhAywDNQNDA0cDTgNXA1wDaQNsA34DgQOGAAAAAAAAAgEAAAAAAAAAKAAAAAAAAAAAAAAAAAAAA4g=}}

@article{Zhang:2015,
	Author = {Zhang, Haijun and Chu, Xiaoli and Guo, Weisi and Wang, Siyi},
	Date-Added = {2015-09-10 08:52:19 +0000},
	Date-Modified = {2015-09-10 08:52:19 +0000},
	Doi = {10.1109/MCOM.2015.7060498},
	Issn = {0163-6804},
	Journal = {Communications Magazine, IEEE},
	Keywords = {4G mobile communication; Long Term Evolution; intersymbol interference; wireless LAN; 4G heterogeneous cellular networks; ABS scheme; Wi-Fi; almost blank subframe scheme; capacity growth; co-channel interference; heterogeneous small cell networks; inter-cell interference; network densification; terrestrial wireless communications; wireless data demand; Computer architecture; Handover; IEEE 802.11 Standards; Interference; Macrocell networks; Microprocessors},
	Localfile = {Coexistence of Wi-Fi and heterogeneous small cell networks sharing unlicensed spectrum.pdf},
	Month = {March},
	Number = {3},
	Pages = {158--164},
	Title = {{Coexistence of Wi-Fi and heterogeneous small cell networks sharing unlicensed spectrum}},
	Volume = {53},
	X-Color = {#0033ff},
	Year = {2015},
	Bdsk-Url-1 = {http://dx.doi.org/10.1109/MCOM.2015.7060498}}

@article{Jones:2015,
	Author = {Jones, V. and Sampath, H.},
	Date-Added = {2015-09-10 08:52:19 +0000},
	Date-Modified = {2015-09-10 08:52:19 +0000},
	Doi = {10.1109/MCOM.2015.7060496},
	Issn = {0163-6804},
	Journal = {Communications Magazine, IEEE},
	Keywords = {MIMO communication; multiuser channels; wireless LAN; wireless channels; 802.11ax; IEEE 802.11ac; IEEE 802.11ah; IEEE 802.11ai; Internet of Things market; MU-MIMO; WLAN applications; channel measurement; fast network acquisition; high-efficiency networking; indoor network; outdoor network; Antenna measurements; Bandwidth; IEEE 802.11n Standard; MIMO; Wireless LAN},
	Localfile = {Emerging technologies for WLAN.pdf},
	Month = {March},
	Number = {3},
	Pages = {141--149},
	Title = {{Emerging technologies for WLAN}},
	Volume = {53},
	X-Color = {#009966},
	Year = {2015},
	Bdsk-Url-1 = {http://dx.doi.org/10.1109/MCOM.2015.7060496}}

@article{Ling:2015,
	Author = {Ling, J. and Kanugovi, S. and Vasudevan, S. and Pramod, A.},
	Date-Added = {2015-09-10 08:52:19 +0000},
	Date-Modified = {2015-09-10 08:52:19 +0000},
	Doi = {10.1109/MCOM.2015.7060499},
	Issn = {0163-6804},
	Journal = {Communications Magazine, IEEE},
	Keywords = {Long Term Evolution; wireless LAN; Wi-Fi LTE integration; Wi-Fi interface; broadband cellular networks; contention based protocol delays; cost-effective data capacity; enhanced capacity; enhanced coverage; media access protocol; uplink redirection; Downlink; IEEE 802.11 Standards; Long Term Evolution; Servers; Uplink},
	Localfile = {Enhanced capacity and coverage by Wi-Fi LTE integration.pdf},
	Month = {March},
	Number = {3},
	Pages = {165--171},
	Title = {{Enhanced capacity and coverage by Wi-Fi LTE integration}},
	Volume = {53},
	X-Color = {#0033ff},
	Year = {2015},
	Bdsk-Url-1 = {http://dx.doi.org/10.1109/MCOM.2015.7060499}}

@article{Yang:2015,
	Author = {Yang, Chouchang and Shao, Huai-rong},
	Date-Added = {2015-09-10 08:52:19 +0000},
	Date-Modified = {2015-09-10 08:52:19 +0000},
	Doi = {10.1109/MCOM.2015.7060497},
	Issn = {0163-6804},
	Journal = {Communications Magazine, IEEE},
	Keywords = {Bluetooth; antenna arrays; direction-of-arrival estimation; indoor navigation; time-of-arrival estimation; wireless LAN; AP; AoA; Bluetooth; ToA; UWB; Wi-Fi-based indoor positioning; angle of arrival estimation; indoor environment; indoor localization; multiple predefined messages transmis- sion; time of arrival estimation; Bandwidth; Fingerprint recognition; IEEE 802.11 Standards; Indoor communication; Receivers; Time measurement; Transmitters},
	Localfile = {WiFi-based indoor positioning.pdf},
	Month = {March},
	Number = {3},
	Pages = {150--157},
	Title = {{WiFi-based indoor positioning}},
	Volume = {53},
	X-Color = {#009966},
	Year = {2015},
	Bdsk-Url-1 = {http://dx.doi.org/10.1109/MCOM.2015.7060497}}

@techreport{IEEE:14/606r0,
	Author = {Cordeiro, Carlos and Chang, SangHyun and Sun, Rob and Torab, Payam and de Vegt, Rolf and Huang, Kei and Basson, Gal and Hart, Brian and Wang, James and Zhang, Hongyuan},
	Date-Added = {2015-09-10 08:26:49 +0000},
	Date-Modified = {2015-09-10 08:26:49 +0000},
	Localfile = {11-14-0606-00-0wng-next-generation-802-11ad.pdf; 11-14-0606-00-0wng-next-generation-802-11ad.pdf.xoj; 11-14-0606-00-0wng-next-generation-802-11ad.pptx},
	Month = may,
	Title = {{Next Generation 802.11ad: 30+ Gbps WLAN}},
	X-Color = {#009966},
	Year = {2015}}

@misc{standards.ieee.org,
	Howpublished = {\url{www.standards.ieee.org/develop/process.html}},
	Key = {standards.ieee.org},
	Title = {{How are Standards made?}},
	Url = {www.standards.ieee.org/develop/process.html},
	Year = {Sept. 2015},
	Bdsk-Url-1 = {www.standards.ieee.org/develop/process.html}}

@url{stdmade,
	Date-Added = {2015-09-10 06:30:08 +0000},
	Date-Modified = {2015-09-10 06:30:59 +0000},
	Title = {{https://standards.ieee.org/develop/process.html}},
	Urldate = {September 10th 2015}}

@techreport{IEEE:15/003r9,
	Author = {Segev, Jonathan and Thornycroft, Peter and Stanley, Dorothy and Wang, Qi and Hart, Brian and Pandey, Santosh and Kakani, Naveen and Roshdahl, Jon and Venkatesan, Ganesh and Chu, Liwen and Au, Edward and Bajko, Gabor and Wang, ChaoChung and Rison, Mark and Tang, Fei and Aldana, Carlos and Dua, Praveen and Wang, Meng},
	Date-Added = {2015-09-10 08:26:49 +0000},
	Date-Modified = {2015-09-10 08:26:49 +0000},
	Localfile = {11-14-0606-00-0wng-next-generation-802-11ad.pdf; 11-14-0606-00-0wng-next-generation-802-11ad.pdf.xoj; 11-14-0606-00-0wng-next-generation-802-11ad.pptx},
	Month = may,
	Number = {IEEE 802.11-15/0030r9},
	Title = {{802.11 NGP SG Proposed PAR}},
	X-Color = {#009966},
	Year = {2015}}

@techreport{IEEE:15/0834r0,
	Author = {Handte, Thomas and Schneider, Daniel and Agardh, Kare},
	Date-Added = {2015-09-10 08:26:49 +0000},
	Date-Modified = {2015-09-10 08:26:49 +0000},
	Localfile = {11-14-0606-00-0wng-next-generation-802-11ad.pdf; 11-14-0606-00-0wng-next-generation-802-11ad.pdf.xoj; 11-14-0606-00-0wng-next-generation-802-11ad.pptx},
	Month = jul,
	Number = {IEEE 802.11-15/0834r0},
	Title = {{Further Use Cases for Next Generation Positioning}},
	X-Color = {#009966},
	Year = {2015}}

@techreport{IEEE:15/0902r0,
	Author = {Liu, Chenchen and Xue, Xin},
	Date-Added = {2015-09-10 08:26:49 +0000},
	Date-Modified = {2015-09-10 08:26:49 +0000},
	Localfile = {11-14-0606-00-0wng-next-generation-802-11ad.pdf; 11-14-0606-00-0wng-next-generation-802-11ad.pdf.xoj; 11-14-0606-00-0wng-next-generation-802-11ad.pptx},
	Month = jul,
	Number = {IEEE 802.11-15/0902r0},
	Title = {{NGP Use Case}},
	X-Color = {#009966},
	Year = {2015}}

@techreport{IEEE:15/0784r0,
	Author = {Nahata, Sabita and Banerjea, Raja and Kakani, Naveen},
	Date-Added = {2015-09-10 08:26:49 +0000},
	Date-Modified = {2015-09-10 08:26:49 +0000},
	Localfile = {11-14-0606-00-0wng-next-generation-802-11ad.pdf; 11-14-0606-00-0wng-next-generation-802-11ad.pdf.xoj; 11-14-0606-00-0wng-next-generation-802-11ad.pptx},
	Month = jul,
	Number = {IEEE 802.11-15/0784r0},
	Title = {{Preliminary Simulation Results for AoA Accuracy in 2.4 GHz using IEEE 802.11n channel models}},
	X-Color = {#009966},
	Year = {2015}}

@techreport{IEEE:15/0919r1,
	Author = {Ghosh, Chittabrata and Moustafa, Hassnaa and Venkatesan, Ganesh and Segev, Jonathan},
	Date-Added = {2015-09-10 08:26:49 +0000},
	Date-Modified = {2015-09-10 08:26:49 +0000},
	Localfile = {11-14-0606-00-0wng-next-generation-802-11ad.pdf; 11-14-0606-00-0wng-next-generation-802-11ad.pdf.xoj; 11-14-0606-00-0wng-next-generation-802-11ad.pptx},
	Month = jul,
	Number = {IEEE 802.11-15/0919r1},
	Title = {{NGP Use Case}},
	X-Color = {#009966},
	Year = {2015}}

@techreport{IEEE:14/1193r0,
	Author = {Segev, Jonathan and Aldana, Carlos and Kakani, Naveen and de Vegt, Rolf and Basson, Gal and Venkatesan, Ganesh and Prechner, Gaby},
	Date-Added = {2015-09-10 08:26:49 +0000},
	Date-Modified = {2015-09-10 08:26:49 +0000},
	Localfile = {11-14-0606-00-0wng-next-generation-802-11ad.pdf; 11-14-0606-00-0wng-next-generation-802-11ad.pdf.xoj; 11-14-0606-00-0wng-next-generation-802-11ad.pptx},
	Month = sep,
	Number = {IEEE 802.11-14/1193r0},
	Title = {{Next Generation Positioning Beyond Indoor Navigation}},
	X-Color = {#009966},
	Year = {2014}}

@book{Perahia:2013,
	Author = {Perahia, Eldad and Stacey, Robert},
	Date-Modified = {2015-09-18 09:30:08 +0000},
	Localfile = {Next Generation Wireless LANs.802.11n and 802.11ac.2Ed.pdf},
	Publisher = {Cambridge University Press},
	Series = {{Second Edition}},
	Title = {{Next Generation Wireless LANs}},
	Year = {2013}}

@techreport{IEEE:15/0609r2,
	Author = {Xin, Yan and Aboul-Magd, Osama and Sun, Rob and Calcev, George},
	Date-Added = {2015-09-10 08:26:49 +0000},
	Date-Modified = {2015-09-10 08:26:49 +0000},
	Localfile = {11-14-0606-00-0wng-next-generation-802-11ad.pdf; 11-14-0606-00-0wng-next-generation-802-11ad.pdf.xoj; 11-14-0606-00-0wng-next-generation-802-11ad.pptx},
	Month = may,
	Number = {IEEE 802.11-15/0609r2},
	Title = {{802.11ay Timeline}},
	X-Color = {#009966},
	Year = {2015}}
